<?xml version="1.0" encoding="UTF-8"?><collection xmlns="http://www.loc.gov/MARC21/slim"><record><leader>00393nam--2200145-i-4500</leader><controlfield tag="001">000013756</controlfield><controlfield tag="002">20161230</controlfield><controlfield tag="005">20170225192018</controlfield><controlfield tag="008">060222s1000------------r-----000-0-eng-d</controlfield><datafield ind1=" " ind2=" " tag="100"><subfield code="a">Carder, Dean S</subfield></datafield><datafield ind1=" " ind2=" " tag="245"><subfield code="a">The seismograph and the seismograph station</subfield></datafield><datafield ind1=" " ind2=" " tag="260"><subfield code="a">Sinclair Weeks</subfield><subfield code="b">U.S.Department Of Commerce</subfield><subfield code="c">1956</subfield></datafield><datafield ind1=" " ind2=" " tag="300"><subfield code="a">22 p</subfield></datafield><datafield ind1=" " ind2=" " tag="852"><subfield code="a">550.34:53.08</subfield></datafield><datafield ind1=" " ind2=" " tag="CAT"><subfield code="a">SYS</subfield><subfield code="c">20170225</subfield><subfield code="h">192018</subfield></datafield></record></collection>